@article{Acemoglu2003Labor,
author = {Acemoglu, Daron},
doi = {10.1162/154247603322256756},
isbn = {15424766},
issn = {15424766},
journal = {Journal of the European Economic Association},
number = {1},
pages = {1--37},
title = {{Labor- and capital-augmenting technical change}},
url = {https://doi.org/10.1162/154247603322256756},
volume = {1},
year = {2003}
}
@article{Acemoglu2002Directed,
archivePrefix = {arXiv},
arxivId = {0034-6527/03/00190489},
author = {Acemoglu, Daron},
doi = {10.1111/1467-937X.00226},
eprint = {03/00190489},
isbn = {00346527},
issn = {00346527},
journal = {Review of Economic Studies},
number = {4},
pages = {781--809},
pmid = {21238881},
primaryClass = {0034-6527},
publisher = {Oxford University Press},
title = {{Directed technical change}},
url = {https://doi.org/10.1111/1467-937X.00226},
volume = {69},
year = {2002}
}
@incollection{Alesina2011Preferences,
author = {Alesina, Alberto and Giuliano, Paola},
booktitle = {Handbook of Social Economics},
doi = {10.1016/B978-0-444-53187-2.00004-8},
isbn = {1570-6435},
issn = {15706435},
keywords = {cultural economics,inequality,preferences for redistribution,social mobility},
pages = {93--131},
publisher = {North-Holland},
title = {{Preferences for redistribution}},
url = {https://doi.org/10.1016/B978-0-444-53187-2.00004-8},
volume = {1},
year = {2011}
}
@rticle{Alesina1994Distributive,
author = {Alesina, Alberto and Rodrik, Dani},
booktitle = {Quarterly Journal of Economics},
doi = {10.2307/2118470},
issn = {15314650},
number = {2},
pages = {465--490},
publisher = {MIT Press},
title = {{Distributive politics and economic growth}},
url = {https://doi.org/10.2307/2118470},
volume = {109},
year = {1994}
}
@article{Alvarez-Cuadrado2018Capital,
archivePrefix = {arXiv},
arxivId = {arXiv:1011.1669v3},
author = {Alvarez-Cuadrado, Francisco and Long, Ngo Van and Poschke, Markus},
doi = {10.1016/j.jedc.2017.12.010},
eprint = {arXiv:1011.1669v3},
isbn = {1476-5381},
issn = {01651889},
journal = {Journal of Economic Dynamics and Control},
keywords = {Biased technical change,Capital-labor substitution,Labor income share,Structural change},
pages = {206--231},
pmid = {19371326},
title = {{Capital-labor substitution, structural change and the labor income share}},
volume = {87},
year = {2018}
}
@article{Antras2004Aggregate,
author = {Antr{\`{a}}s, Pol},
doi = {10.2202/1534-6005.1161},
isbn = {15346005},
issn = {15346005},
journal = {Contributions to Macroeconomics},
keywords = {Capital-Labor Substitution,Technological Change},
number = {1},
pmid = {205211866},
title = {{Is the U.S. aggregate production function Cobb-Douglas? New estimates of the elasticity of substitution}},
volume = {4},
year = {2004}
}
@article{Atkinson2009Factor,
author = {Atkinson, A. B.},
doi = {10.1093/oxrep/grp007},
issn = {0266903X},
journal = {Oxford Review of Economic Policy},
keywords = {Distribution,Factor shares,Profits,Wages},
number = {1},
pages = {3--16},
title = {{Factor shares: The principal problem of political economy}},
url = {http://dx.doi.org/10.1093/oxrep/grp007},
volume = {25},
year = {2009}
}
@article{Autor2020Fall,
author = {Autor, David and Dorn, David and Katz, Lawrence F. and Patterson, Christina and Reenen, John Van},
doi = {10.1093/qje/qjaa004},
issn = {15314650},
journal = {Quarterly Journal of Economics},
number = {2},
pages = {645--709},
title = {{The fall of the labor share and the rise of superstar firms}},
url = {https://doi.org/10.1093/qje/qjaa004},
volume = {135},
year = {2020}
}
@article{Bai2003Critical,
annote = {https://doi.org/10.1111/1368-423X.00102},
author = {Bai, Jushan and Perron, Pierre},
doi = {https://doi.org/10.1111/1368-423X.00102},
issn = {1368-4221},
journal = {The Econometrics Journal},
keywords = {Change-point,Hypothesis testing,Response surface,Segmented regressions,Simulations},
number = {1},
pages = {72--78},
title = {{Critical values for multiple structural change tests}},
url = {https://doi.org/10.1111/1368-423X.00102},
volume = {6},
year = {2003}
}
@article{Bental2010Declining,
author = {Bental, Benjamin and Demougin, Dominique},
doi = {10.1016/j.jmacro.2009.09.005},
issn = {01640704},
journal = {Journal of Macroeconomics},
keywords = {Bargaining,Institutions,Irreversible investment,Labor share,Moral hazard,Productivity},
number = {1},
pages = {443--456},
title = {{Declining labor shares and bargaining power: An institutional explanation}},
url = {http://www.sciencedirect.com/science/article/pii/S0164070409000676},
volume = {32},
year = {2010}
}
@article{Bentolila1990Firing,
author = {Bentolila, Samuel and Bertola, Giuseppe},
doi = {10.2307/2298020},
issn = {1467937X},
journal = {Review of Economic Studies},
number = {3},
pages = {381--402},
publisher = {[Oxford University Press, Review of Economic Studies, Ltd.]},
title = {{Firing costs and labour demand: How bad is eurosclerosis?}},
url = {http://www.jstor.org/stable/2298020},
volume = {57},
year = {1990}
}
@article{Bentolila2003Explaining,
author = {Bentolila, Samuel and Saint-Paul, Gilles},
doi = {10.2202/1534-6005.1103},
isbn = {15346005},
issn = {15346005},
journal = {Contributions to Macroeconomics},
keywords = {Capital-output ratio,Labor share},
number = {1},
pmid = {205187777},
publisher = {De Gruyter},
title = {{Explaining movements in the labor share}},
volume = {3},
year = {2003}
}
@article{Blanchard1997Medium,
author = {Blanchard, Olivier J.},
doi = {10.2307/2534687},
isbn = {0815713517},
issn = {00072303},
journal = {Brookings Papers on Economic Activity},
number = {2},
pages = {89--158},
publisher = {Brookings Institution Press},
title = {{The medium run}},
url = {https://doi.org/10.2307/2534687},
volume = {1997},
year = {1997}
}
@article{Busemeyer2009Attitudes,
author = {Busemeyer, Marius R. and Goerres, Achim and Weschle, Simon},
doi = {10.1177/0958928709104736},
issn = {09589287},
journal = {Journal of European Social Policy},
keywords = {Comparative politics,Population ageing,Public opinion,Social policy preferences,Welfare state regimes},
number = {3},
pages = {195--212},
title = {{Attitudes towards redistributive spending in an era of demographic ageing: The rival pressures from age and income in 14 OECD countries}},
url = {https://doi.org/10.1177/0958928709104736},
volume = {19},
year = {2009}
}
@article{Caballero1998Jobless,
author = {Caballero, Ricardo J. and Hammour, Mohamad L.},
doi = {10.1016/s0167-2231(98)00016-5},
issn = {01672231},
journal = {Carnegie-Rochester Conference Series on Public Policy},
pages = {51--94},
title = {{Jobless growth: Appropriability, factor substitution, and unemployment}},
url = {http://www.sciencedirect.com/science/article/pii/S0167223198000165},
volume = {48},
year = {1998}
}
@article{Checchi2010Labour,
author = {Checchi, Daniele and Garc{\'{i}}a-Pe{\~{n}}alosa, Cecilia},
doi = {10.1111/j.1468-0335.2009.00776.x},
issn = {00130427},
journal = {Economica},
number = {307},
pages = {413--450},
publisher = {[London School of Economics, Wiley, London School of Economics and Political Science, Suntory and Toyota International Centres for Economics and Related Disciplines]},
title = {{Labour market institutions and the personal distribution of income in the OECD}},
url = {http://www.jstor.org/stable/40865111},
volume = {77},
year = {2010}
}
@article{Chirinko2008Sigma,
archivePrefix = {arXiv},
arxivId = {arXiv:1011.1669v3},
author = {Chirinko, Robert S.},
doi = {10.1016/j.jmacro.2007.10.010},
eprint = {arXiv:1011.1669v3},
isbn = {0164-0704},
issn = {01640704},
journal = {Journal of Macroeconomics},
keywords = {Capital formation,Economic growth,Estimating long-run relations,Function,Production},
number = {2},
pages = {671--686},
pmid = {15003161},
title = {{$\sigma$: The long and short of it}},
volume = {30},
year = {2008}
}
@article{Coe2011Retirement,
author = {Coe, Norma B. and Zamarro, Gema},
doi = {10.1016/j.jhealeco.2010.11.002},
issn = {01676296},
journal = {Journal of Health Economics},
keywords = {Health,Mental health,Retirement},
number = {1},
pages = {77--86},
pmid = {21183235},
title = {{Retirement effects on health in Europe}},
url = {http://www.sciencedirect.com/science/article/pii/S0167629610001414},
volume = {30},
year = {2011}
}
@article{DAlbis2013Age,
author = {D'Albis, Hippolyte and Collard, Fabrice},
doi = {10.4054/demres.2013.29.23},
issn = {1435-9871},
journal = {Demographic Research},
pages = {617--640},
title = {{Age groups and the measure of population aging}},
volume = {29},
year = {2013}
}
@article{David1965Biased,
author = {David, Paul and van de Klundert, Theo},
doi = {10.2307/1814555},
issn = {0002-8282},
journal = {The American Economic Review},
keywords = {Economies et finances,{\'{E}}conomie},
number = {3},
pages = {357--394},
publisher = {American Economic Association},
title = {{Biased efficiency growth and capital-labor substitution in the U.S., 1899-1960}},
url = {http://www.jstor.org/stable/1814555},
volume = {55},
year = {1965}
}
@article{DelaCroix2013Aging,
author = {de la Croix, David and Pierrard, Olivier and Sneessens, Henri R.},
doi = {10.1016/j.jedc.2012.06.011},
issn = {01651889},
journal = {Journal of Economic Dynamics and Control},
keywords = {Aging,E24,H55,J26,J64,Labor force participation,Labor market,Overlapping generations,Pensions,Search unemployment},
number = {1},
pages = {104--124},
title = {{Aging and pensions in general equilibrium: Labor market imperfections matter}},
volume = {37},
year = {2013}
}
@article{Dedry2017Aging,
author = {Dedry, Antoine and Onder, Harun and Pestieau, Pierre},
doi = {10.1016/j.jeoa.2016.10.003},
issn = {2212828X},
journal = {Journal of the Economics of Ageing},
keywords = {Aging,Public finance sustainability,Social security},
pages = {145--155},
title = {{Aging, social security design, and capital accumulation}},
volume = {9},
year = {2017}
}
@article{Elsby2013Decline,
author = {Elsby, Michael W.L. and Hobijn, Bart and Şahin, Ayşeg{\"{u}}l},
doi = {10.1353/eca.2013.0016},
isbn = {0892-1997 (Print)},
issn = {15334465},
journal = {Brookings Papers on Economic Activity},
pages = {1--52},
pmid = {7858664},
title = {{The decline of the U.S. labor share}},
url = {http://muse.jhu.edu/content/crossref/journals/brookings_papers_on_economic_activity/v2013/2013.2.elsby.html},
volume = {2013},
year = {2013}
}
@article{Feenstra2015Next,
author = {Feenstra, Robert C. and Inklaar, Robert and Timmer, Marcel P.},
doi = {10.1257/aer.20130954},
issn = {00028282},
journal = {American Economic Review},
number = {10},
pages = {3150--3182},
publisher = {American Economic Association},
title = {{The next generation of the Penn World Table}},
url = {http://www.jstor.org/stable/43821370},
volume = {105},
year = {2015}
}
@article{Futagami2001Population,
author = {Futagami, Koichi and Nakajima, Tetsuya},
doi = {10.1016/S0164-0704(01)00153-7},
isbn = {0164-0704},
issn = {01640704},
journal = {Journal of Macroeconomics},
number = {1},
pages = {31--44},
title = {{Population aging and economic growth}},
volume = {23},
year = {2001}
}
@article{Giuliano2013Growing,
author = {Giuliano, Paola and Spilimbergo, Antonio},
doi = {10.1093/restud/rdt040},
issn = {1467937X},
journal = {Review of Economic Studies},
keywords = {Beliefs,Preferences for redistribution,Recession},
month = {feb},
number = {2},
pages = {787--817},
publisher = {[Oxford University Press, The Review of Economic Studies, Ltd.]},
title = {{Growing up in a recession}},
url = {http://www.jstor.org.lama.univ-amu.fr/stable/43551580},
volume = {81},
year = {2013}
}
@article{Gollin2002Getting,
author = {Gollin, Douglas},
doi = {10.1086/338747},
issn = {00223808},
journal = {Journal of Political Economy},
number = {2},
pages = {458--474},
publisher = {The University of Chicago Press},
title = {{Getting income shares right}},
url = {http://www.jstor.org/stable/10.1086/338747},
volume = {110},
year = {2002}
}
@article{Gonzalez-Eiras2012Ageing,
author = {Gonzalez-Eiras, Mart{\'{i}}n and Niepelt, Dirk},
doi = {10.1016/j.euroecorev.2011.05.007},
isbn = {0014-2921},
issn = {00142921},
journal = {European Economic Review},
keywords = {Ageing,Government budgets,Growth,Retirement},
number = {1},
pages = {97--115},
pmid = {19255890},
title = {{Ageing, government budgets, retirement, and growth}},
volume = {56},
year = {2012}
}
@article{Insler2014Health,
author = {Insler, Michael},
doi = {10.3368/jhr.49.1.195},
issn = {0022166X},
journal = {Journal of Human Resources},
number = {1},
pages = {195--233},
publisher = {[University of Wisconsin Press, Board of Regents of the University of Wisconsin System]},
title = {{The health consequences of retirement}},
url = {http://www.jstor.org.lama.univ-amu.fr/stable/23799081},
volume = {49},
year = {2014}
}
@article{Jayadev2007Capital,
author = {Jayadev, Arjun},
doi = {10.1093/cje/bel037},
issn = {0309166X},
journal = {Cambridge Journal of Economics},
keywords = {Bargaining,Capital Mobility,Factor Shares,Labour Share,Openness},
number = {3},
pages = {423--443},
title = {{Capital account openness and the labour share of income}},
url = {http://dx.doi.org/10.1093/cje/bel037},
volume = {31},
year = {2007}
}
@article{Kaldor1955Alternative,
author = {Kaldor, Nicholas},
doi = {10.2307/2296292},
issn = {1467937X},
journal = {Review of Economic Studies},
number = {2},
pages = {83--100},
publisher = {[Oxford University Press, Review of Economic Studies, Ltd.]},
title = {{Alternative theories of distribution}},
url = {http://www.jstor.org/stable/2296292},
volume = {23},
year = {1955}
}
@article{Karabarbounis2014Global,
archivePrefix = {arXiv},
arxivId = {arXiv:1011.1669v3},
author = {Karabarbounis, Loukas and Neiman, Brent},
doi = {10.1093/qje/qjt032},
eprint = {arXiv:1011.1669v3},
isbn = {00335533},
issn = {00335533},
journal = {Quarterly Journal of Economics},
keywords = {Aggregate Factor Income Distribution          E25,Diffusion Processes          O33,Human Capital,Industrial Organization and Macroeconomics: Indust,Industrial Price Indices          L16,Labor Productivity          J24,Occupational Choice,Skills,Technological Change: Choices and Consequences},
number = {1},
pages = {61--103},
pmid = {93680746},
title = {{The global decline of the labor share}},
url = {https://academic.oup.com/qje/issue http://search.ebscohost.com/login.aspx?direct=true&db=eoh&AN=1464509&lang=fr&site=ehost-live},
volume = {129},
year = {2014}
}
@article{Klump2007Factor,
author = {Klump, Rainer and McAdam, Peter and Willman, Alpo},
doi = {10.1162/rest.89.1.183},
issn = {00346535},
journal = {Review of Economics and Statistics},
number = {1},
pages = {183--192},
publisher = {The MIT Press},
title = {{Factor substitution and factor-augmenting technical progress in the United States: A normalized supply-side system approach}},
url = {http://www.jstor.org/stable/40043084},
volume = {89},
year = {2007}
}
@article{Lee2010Macroeconomic,
author = {Lee, Ronald D. and Mason, Andrew W.},
doi = {10.2139/ssrn.1532916},
isbn = {0070-3370},
issn = {1556-5068},
journal = {Demography},
keywords = {E1,J1,consequences,demand for wealth,demographic transition,economic growth,human capital,macroeconomic,population aging,support ratio},
number = {1},
pages = {151--172},
pmid = {21302431},
title = {{Some macroeconomic aspects of global population aging}},
url = {https://www.jstor.org/stable/40983118 http://www.ssrn.com/abstract=1532916},
volume = {47},
year = {2010}
}
@article{LeonLedesma2010Identifying,
author = {Le{\'{o}}n-Ledesma, Miguel A. and McAdam, Peter and Willman, Alpo},
doi = {10.1257/aer.100.4.1330},
isbn = {00028282},
issn = {00028282},
journal = {American Economic Review},
number = {4},
pages = {1330--1357},
pmid = {755422284},
title = {{Identifying the elasticity of substitution with biased technical change}},
url = {http://www.aeaweb.org/articles?id=10.1257/aer.100.4.1330},
volume = {100},
year = {2010}
}
@article{Lindbeck1987Balanced,
author = {Lindbeck, Assar and Weibull, J{\"{o}}rgen W.},
doi = {10.1007/BF00116710},
issn = {00485829},
journal = {Public Choice},
number = {3},
pages = {273--297},
title = {{Balanced-budget redistribution as the outcome of political competition}},
volume = {52},
year = {1987}
}
@article{McDonald1981Wage,
author = {McDonald, Ian M and Solow, Robert M},
issn = {00028282},
journal = {The American Economic Review},
number = {5},
pages = {896--908},
publisher = {American Economic Association},
title = {{Wage Bargaining and Employment}},
url = {http://www.jstor.org/stable/1803472},
volume = {71},
year = {1981}
}
@article{Nickell1983Unions,
author = {Nickell, S. J. and Andrews, M.},
doi = {10.1093/oxfordjournals.oep.a041610},
issn = {00307653},
journal = {Oxford Economic Papers},
number = {SUPP},
pages = {183--206},
publisher = {Oxford University Press},
title = {{Unions, real wages and employment in Britain 1951-79}},
url = {http://www.jstor.org/stable/2662950},
volume = {35},
year = {1983}
}
@article{Papanicolas2020Comparison,
author = {Papanicolas, Irene and Marino, Alberto and Lorenzoni, Luca and Jha, Ashish},
doi = {10.1001/jamanetworkopen.2020.14688},
issn = {25743805},
journal = {JAMA network open},
number = {8},
pages = {e2014688},
pmid = {32761158},
title = {{Comparison of health care spending by age in 8 high-income countries}},
url = {https://doi.org/10.1001/jamanetworkopen.2020.14688},
volume = {3},
year = {2020}
}
@article{Pica2010Capital,
author = {Pica, Giovanni},
doi = {10.2139/ssrn.497863},
journal = {The BE Journal of Macroeconomics},
number = {1},
publisher = {De Gruyter},
title = {{Capital markets integration and labor market institutions}},
volume = {10},
year = {2010}
}
@article{Piketty2015About,
author = {Piketty, Thomas},
issn = {00028282},
journal = {The American Economic Review},
number = {5},
pages = {48--53},
publisher = {American Economic Association},
title = {{About "Capital in the Twenty-First Century"}},
url = {http://www.jstor.org.lama.univ-amu.fr/stable/43821849},
volume = {105},
year = {2015}
}
@article{Sanderson2007Perspective,
author = {Sanderson, Warren C. and Scherbov, Sergei},
doi = {10.4054/demres.2007.16.2},
issn = {14359871},
journal = {Demographic Research},
number = {2},
pages = {27--58},
title = {{A new perspective on population aging}},
volume = {16},
year = {2006}
}
@article{Sanderson2013Characteristics,
author = {Sanderson, Warren C. and Scherbov, Sergei},
doi = {10.1111/j.1728-4457.2013.00633.x},
isbn = {1728-4457},
issn = {00987921},
journal = {Population and Development Review},
number = {4},
pages = {673--685},
title = {{The characteristics approach to the measurement of population aging}},
volume = {39},
year = {2013}
}
@article{Schmidt2013Demographic,
author = {Schmidt, Torsten and Vosen, Simeon},
doi = {10.1007/s00148-012-0415-y},
issn = {09331433},
journal = {Journal of Population Economics},
keywords = {Demographic change,Labour share,Overlapping generations models,Panel cointegration},
number = {1},
pages = {357--378},
publisher = {Springer},
title = {{Demographic change and the labour share of income}},
volume = {26},
year = {2013}
}
@article{CWED2017,
author = {Scruggs, Lyle and Jahn, Detlef and Kuitto, Kati},
journal = {University of Connecticut & University of Greifswald},
title = {{Comparative Welfare Entitlements Dataset 2. Version 2017-09}},
year = {2017}
}
@article{Soares2005Mortality,
author = {Soares, Rodrigo R.},
doi = {10.1257/0002828054201486},
issn = {00028282},
journal = {American Economic Review},
number = {3},
pages = {580--601},
pmid = {29125724},
publisher = {American Economic Association},
title = {{Mortality reductions, educational attainment, and fertility choice}},
url = {http://www.jstor.org/stable/4132730},
volume = {95},
year = {2005}
}
@article{Sorensen2013Aging,
author = {S{\o}rensen, Rune J.},
doi = {10.1016/j.ejpoleco.2012.09.004},
issn = {01762680},
journal = {European Journal of Political Economy},
keywords = {Age structure,Life-cycle effect,Public spending attitudes},
pages = {259--271},
title = {{Does aging affect preferences for welfare spending? A study of peoples' spending preferences in 22 countries, 1985-2006}},
volume = {29},
year = {2013}
}
@article{Young2018Globalization,
author = {Young, Andrew T. and Tackett, Maria Y.},
doi = {10.1016/j.ejpoleco.2017.04.003},
isbn = {0710003595},
issn = {01762680},
journal = {European Journal of Political Economy},
keywords = {capital share,functional distribution of income,globalization,labor share},
pages = {18--35},
title = {{Globalization and the decline in labor shares: Exploring the relationship beyond trade and financial flows}},
volume = {52},
year = {2018}
}
